@article{tetris,
  title={About Tetris},
  author={Teris},
  url={https://tetris.com/about-us},
  year={2018}
}

@article{ElTetris,
  title={An Improvement on Pierre Dellacherieâ€™s Algorithm},
  author={Kamel, M. A},
  url={http://imake.ninja/el-tetris-an-improvement-on-pierre-dellacheries-algorithm/},
  year={2011}
}
